@techreport{riscv-spec,
  title={The {RISC-V} Instruction Set Manual, Volume {I}: Unprivileged {ISA}},
  author={Waterman, Andrew and Asanovi\'{c}, Krste},
  year={2025},
  institution={RISC-V Foundation},
  version={20250508},
  note={Document Version 20250508},
  url={https://riscv.org/specifications/ratified/}
}

@phdthesis{waterman2016risc,
  title={Design of the RISC-V Instruction Set Architecture},
  author={Waterman, Andrew},
  year={2016},
  school={EECS Department, University of California, Berkeley},
  number={UCB/EECS-2016-1},
  url={https://www2.eecs.berkeley.edu/Pubs/TechRpts/2016/EECS-2016-1.pdf}
}